<?xml version="1.0" encoding="UTF-8" ?>
<Document xmlns="urn:iso:std:iso:20022:tech:xsd:pain.001.001.03" xmlns:xsi="http://www.w3.org/2001/XMLSchema-instance"><CstmrCdtTrfInitn><GrpHdr><MsgId>SEPA_04_11_2019_10h_30mn_39s</MsgId><CreDtTm>2019-11-04T10:30:39</CreDtTm><NbOfTxs>12</NbOfTxs><CtrlSum>42681.60</CtrlSum><InitgPty><Nm>W Assurance SA</Nm></InitgPty></GrpHdr><PmtInf><PmtInfId>SEPA_04_11_2019_10h_30mn_39s1</PmtInfId><PmtMtd>TRF</PmtMtd><PmtTpInf><SvcLvl><Cd>SEPA</Cd></SvcLvl></PmtTpInf><ReqdExctnDt>2019-11-04</ReqdExctnDt><Dbtr><Nm>W Assurance SA</Nm></Dbtr><DbtrAcct><Id><IBAN>FR7625890056347461041339152</IBAN></Id></DbtrAcct><DbtrAgt><FinInstnId><BIC>CEPAFRPP118</BIC></FinInstnId></DbtrAgt><CdtTrfTxInf><PmtId><InstrId>SEPA_04_11_2019_10h_30mn_39s1_0</InstrId><EndToEndId>0000000024</EndToEndId></PmtId><Amt><InstdAmt Ccy="EUR">3556.80</InstdAmt></Amt><CdtrAgt><FinInstnId><BIC>CEPAFRPP118</BIC></FinInstnId></CdtrAgt><Cdtr><Nm>BARRET</Nm></Cdtr><CdtrAcct><Id><IBAN>FR7675527807742729872570935</IBAN></Id></CdtrAcct></CdtTrfTxInf><CdtTrfTxInf><PmtId><InstrId>SEPA_04_11_2019_10h_30mn_39s1_0</InstrId><EndToEndId>0000000025</EndToEndId></PmtId><Amt><InstdAmt Ccy="EUR">3556.80</InstdAmt></Amt><CdtrAgt><FinInstnId><BIC>CEPAFRPP118</BIC></FinInstnId></CdtrAgt><Cdtr><Nm>BRAUN</Nm></Cdtr><CdtrAcct><Id><IBAN>FR7677810696773098319372367</IBAN></Id></CdtrAcct></CdtTrfTxInf><CdtTrfTxInf><PmtId><InstrId>SEPA_04_11_2019_10h_30mn_39s1_0</InstrId><EndToEndId>0000000026</EndToEndId></PmtId><Amt><InstdAmt Ccy="EUR">3556.80</InstdAmt></Amt><CdtrAgt><FinInstnId><BIC>CEPAFRPP118</BIC></FinInstnId></CdtrAgt><Cdtr><Nm>BRENNEMANNE</Nm></Cdtr><CdtrAcct><Id><IBAN>FR7659495249592289629550257</IBAN></Id></CdtrAcct></CdtTrfTxInf><CdtTrfTxInf><PmtId><InstrId>SEPA_04_11_2019_10h_30mn_39s1_0</InstrId><EndToEndId>0000000027</EndToEndId></PmtId><Amt><InstdAmt Ccy="EUR">3556.80</InstdAmt></Amt><CdtrAgt><FinInstnId><BIC>CEPAFRPP118</BIC></FinInstnId></CdtrAgt><Cdtr><Nm>CATIC</Nm></Cdtr><CdtrAcct><Id><IBAN>FR7644385228115647901694616</IBAN></Id></CdtrAcct></CdtTrfTxInf><CdtTrfTxInf><PmtId><InstrId>SEPA_04_11_2019_10h_30mn_39s1_0</InstrId><EndToEndId>0000000028</EndToEndId></PmtId><Amt><InstdAmt Ccy="EUR">3556.80</InstdAmt></Amt><CdtrAgt><FinInstnId><BIC>CEPAFRPP118</BIC></FinInstnId></CdtrAgt><Cdtr><Nm>CHANG</Nm></Cdtr><CdtrAcct><Id><IBAN>FR7623524912457430762317543</IBAN></Id></CdtrAcct></CdtTrfTxInf><CdtTrfTxInf><PmtId><InstrId>SEPA_04_11_2019_10h_30mn_39s1_0</InstrId><EndToEndId>0000000029</EndToEndId></PmtId><Amt><InstdAmt Ccy="EUR">3556.80</InstdAmt></Amt><CdtrAgt><FinInstnId><BIC>0000FR00000</BIC></FinInstnId></CdtrAgt><Cdtr><Nm>CHEN</Nm></Cdtr><CdtrAcct><Id><IBAN>FR7600000000000000000000097</IBAN></Id></CdtrAcct></CdtTrfTxInf><CdtTrfTxInf><PmtId><InstrId>SEPA_04_11_2019_10h_30mn_39s1_0</InstrId><EndToEndId>0000000030</EndToEndId></PmtId><Amt><InstdAmt Ccy="EUR">3556.80</InstdAmt></Amt><CdtrAgt><FinInstnId><BIC>0000FR00000</BIC></FinInstnId></CdtrAgt><Cdtr><Nm>CHIN</Nm></Cdtr><CdtrAcct><Id><IBAN>FR7600000000000000000000097</IBAN></Id></CdtrAcct></CdtTrfTxInf><CdtTrfTxInf><PmtId><InstrId>SEPA_04_11_2019_10h_30mn_39s1_0</InstrId><EndToEndId>0000000031</EndToEndId></PmtId><Amt><InstdAmt Ccy="EUR">3556.80</InstdAmt></Amt><CdtrAgt><FinInstnId><BIC>CEPAFRPP118</BIC></FinInstnId></CdtrAgt><Cdtr><Nm>CHOEUNG</Nm></Cdtr><CdtrAcct><Id><IBAN>FR7608588493870516911716896</IBAN></Id></CdtrAcct></CdtTrfTxInf><CdtTrfTxInf><PmtId><InstrId>SEPA_04_11_2019_10h_30mn_39s1_0</InstrId><EndToEndId>0000000032</EndToEndId></PmtId><Amt><InstdAmt Ccy="EUR">3556.80</InstdAmt></Amt><CdtrAgt><FinInstnId><BIC>CEPAFRPP118</BIC></FinInstnId></CdtrAgt><Cdtr><Nm>DIJKMAN</Nm></Cdtr><CdtrAcct><Id><IBAN>FR7670655946220573980957421</IBAN></Id></CdtrAcct></CdtTrfTxInf><CdtTrfTxInf><PmtId><InstrId>SEPA_04_11_2019_10h_30mn_39s1_0</InstrId><EndToEndId>0000000033</EndToEndId></PmtId><Amt><InstdAmt Ccy="EUR">3556.80</InstdAmt></Amt><CdtrAgt><FinInstnId><BIC>CEPAFRPP118</BIC></FinInstnId></CdtrAgt><Cdtr><Nm>DUBRU</Nm></Cdtr><CdtrAcct><Id><IBAN>FR7626229537262677399724656</IBAN></Id></CdtrAcct></CdtTrfTxInf><CdtTrfTxInf><PmtId><InstrId>SEPA_04_11_2019_10h_30mn_39s1_0</InstrId><EndToEndId>0000000034</EndToEndId></PmtId><Amt><InstdAmt Ccy="EUR">3556.80</InstdAmt></Amt><CdtrAgt><FinInstnId><BIC>CEPAFRPP118</BIC></FinInstnId></CdtrAgt><Cdtr><Nm>ELAMIN</Nm></Cdtr><CdtrAcct><Id><IBAN>FR7637244845267299413063949</IBAN></Id></CdtrAcct></CdtTrfTxInf><CdtTrfTxInf><PmtId><InstrId>SEPA_04_11_2019_10h_30mn_39s1_0</InstrId><EndToEndId>0000000035</EndToEndId></PmtId><Amt><InstdAmt Ccy="EUR">3556.80</InstdAmt></Amt><CdtrAgt><FinInstnId><BIC>CEPAFRPP118</BIC></FinInstnId></CdtrAgt><Cdtr><Nm>ERRAIY</Nm></Cdtr><CdtrAcct><Id><IBAN>FR7625903966283647982444569</IBAN></Id></CdtrAcct></CdtTrfTxInf></PmtInf></CstmrCdtTrfInitn></Document>